@article{islam2020comparison,
  title={Comparison of financial models for stock price prediction},
  author={Islam, Mohammad Rafiqul and Nguyen, Nguyet},
  journal={Journal of Risk and Financial Management},
  volume={13},
  number={8},
  pages={181},
  year={2020},
  publisher={MDPI}
}  

@article{mostafa2021gjr,
  title={GJR-GARCH volatility modeling under NIG and ANN for predicting top cryptocurrencies},
  author={Mostafa, Fahad and Saha, Pritam and Islam, Mohammad Rafiqul and Nguyen, Nguyet},
  journal={Journal of Risk and Financial Management},
  volume={14},
  number={9},
  pages={421},
  year={2021},
  publisher={MDPI}
}